@inproceedings{OHL:FIS:GOG:2010,
  author = {Enno Ohlebusch and
Johannes Fischer and
Simon Gog},
  title = {{CST}++},
  booktitle = {String Processing and Information Retrieval - 17th International
Symposium (SPIRE 2010)},
  year = {2010},
  pages = {322-333},
  url = {http://dx.doi.org/10.1007/978-3-642-16321-0_34},
  bibsource = {DBLP, http://dblp.uni-trier.de}
}

@inproceedings{Gawrychowski:2012:FAC:2422024.2422048,
 author = {Gawrychowski, Pawe\l},
 title = {Faster Algorithm for Computing the Edit Distance Between SLP-Compressed Strings},
 booktitle = {Proceedings of the 19th International Conference on String Processing and Information Retrieval},
 series = {SPIRE'12},
 year = {2012},
 isbn = {978-3-642-34108-3},
 location = {Cartagena de Indias, Colombia},
 pages = {229--236},
 numpages = {8},
 url = {http://dx.doi.org/10.1007/978-3-642-34109-0_24},
 doi = {10.1007/978-3-642-34109-0_24},
 acmid = {2422048},
 publisher = {Springer-Verlag},
 address = {Berlin, Heidelberg},
} 

@article{DBLP:journals/corr/abs-1004-1194,
  author    = {Danny Hermelin and
               Gad M. Landau and
               Shir Landau and
               Oren Weimann},
  title     = {Unified Compression-Based Acceleration of Edit-Distance
               Computation},
  journal   = {CoRR},
  volume    = {abs/1004.1194},
  year      = {2010},
  ee        = {http://arxiv.org/abs/1004.1194},
  bibsource = {DBLP, http://dblp.uni-trier.de}
}

@article{Rytter2003211,
title = "Application of Lempel–Ziv factorization to the approximation of grammar-based compression ",
journal = "Theoretical Computer Science ",
volume = "302",
number = "1–3",
pages = "211 - 222",
year = "2003",
note = "",
issn = "0304-3975",
doi = "http://dx.doi.org/10.1016/S0304-3975(02)00777-6",
url = "http://www.sciencedirect.com/science/article/pii/S0304397502007776",
author = "Wojciech Rytter",
keywords = "LZ-compression",
keywords = "Minimal grammar",
keywords = "AVL-tree",
keywords = "AVL-grammar "
}

@article{DBLP:journals/corr/abs-0707-3619,
  author    = {Alexandre Tiskin},
  title     = {Semi-local string comparison: algorithmic techniques and
               applications},
  journal   = {CoRR},
  volume    = {abs/0707.3619},
  year      = {2007},
  ee        = {http://arxiv.org/abs/0707.3619},
  bibsource = {DBLP, http://dblp.uni-trier.de}
}

@inproceedings{Tiskin:2010:FDM:1873601.1873704,
 author = {Tiskin, Alexander},
 title = {Fast Distance Multiplication of unit-Monge Matrices},
 booktitle = {Proceedings of the Twenty-first Annual ACM-SIAM Symposium on Discrete Algorithms},
 series = {SODA '10},
 year = {2010},
 isbn = {978-0-898716-98-6},
 location = {Austin, Texas},
 pages = {1287--1296},
 numpages = {10},
 url = {http://dl.acm.org/citation.cfm?id=1873601.1873704},
 acmid = {1873704},
 publisher = {Society for Industrial and Applied Mathematics},
 address = {Philadelphia, PA, USA},
}

@MISC{Itai06lineartime,
    author = {Alon Itai},
    title = {Linear Time Restricted Union/Find},
    year = {2006}
}

@ONLINE{SDSL,
  author = {Gog, Simon et. al.},
  title = {Succinct Data Structure Library (SDSL) 2.0},
  month = Mar,
  year = {2014},
  url = {https://github.com/simongog/sdsl-lite}
}

@article{Sakamoto2005416,
title = "A fully linear-time approximation algorithm for grammar-based compression ",
journal = "Journal of Discrete Algorithms ",
volume = "3",
number = "2–4",
pages = "416 - 430",
year = "2005",
note = "Combinatorial Pattern Matching (CPM) Special Issue The 14th annual Symposium on combinatorial Pattern Matching ",
issn = "1570-8667",
doi = "http://dx.doi.org/10.1016/j.jda.2004.08.016",
url = "http://www.sciencedirect.com/science/article/pii/S1570866704000632",
author = "Hiroshi Sakamoto",
keywords = "Approximation algorithm",
keywords = "Linear-time algorithm",
keywords = "Lossless data compression",
keywords = "Grammar-based compression "
}

@article{BurrowsWheeler,
title = "A block sorting lossless data compression algorithm",
author = "Burrows, Michael; Wheeler, David J.",
journal =  "Digital Equipment Corporation, Technical Report 124",
year = "1994",
url = "http://www.hpl.hp.com/techreports/Compaq-DEC/SRC-RR-124.pdf"
}

@MISC{AA13Project1,
  author = {Kasper Nielsen and Mathieu Dehouck and Sarfraz Raza},
  title = {Advanced Algorithms Project 1 -- Fibonacci Heaps},
  month = Oct,
  year = {2013},
  url = {https://github.com/kasper0406/aa13/tree/master/Project1}
}
